@inproceedings{polzehl2015robustness,
  title={Robustness in speech quality assessment and temporal training expiry in mobile crowdsourcing environments},
  author={Polzehl, Tim and Naderi, Babak and K{\"o}ster, Friedemann and M{\"o}ller, Sebastian},
  booktitle={Sixteenth Annual Conference of the International Speech Communication Association},
  year={2015}
}

@article{rouse2010preliminary,
  title={A preliminary taxonomy of crowdsourcing},
  author={Rouse, Anne C},
  journal={ACIS 2010 Proceedings},
  volume={76},
  pages={1--10},
  year={2010}
}

